%% This BibTeX bibliography file was created using BibDesk.
%% http://bibdesk.sourceforge.net/

%% Created for Emily Hembacher at 2017-04-17 14:29:46 -0700 


%% Saved with string encoding Unicode (UTF-8) 



@article{Yurovsky2015,
	Author = {Yurovsky, Daniel and Frank, Michael C},
	Date-Added = {2017-04-17 21:29:39 +0000},
	Date-Modified = {2017-04-17 21:29:39 +0000},
	Journal = {Cognition},
	Month = dec,
	Number = {C},
	Pages = {53--62},
	Title = {{An integrative account of constraints on cross-situational learning}},
	Volume = {145},
	Year = {2015}}

@article{Ho2017,
	Author = {Ho, Mark K and MacGlashan, James and Littman, Michael L and Cushman, Fiery},
	Date-Added = {2017-04-17 21:24:17 +0000},
	Date-Modified = {2017-04-17 21:25:03 +0000},
	Journal = {Cognition},
	Month = mar,
	Pages = {1--16},
	Title = {{Social is special: A normative framework for teaching with and learning from evaluative feedback}},
	Year = {2017}}

@article{Lyons2011,
	Author = {Lyons, Kristen E and Zelazo, Philip David},
	Date-Added = {2017-02-01 23:40:27 +0000},
	Date-Modified = {2017-02-01 23:40:45 +0000},
	Journal = {Advances in Child Development and Behavior},
	Pages = {379--412},
	Title = {{Monitoring, metacognition, and executive function: Elucidating the role of self-reflection in the development of self-regulation}},
	Volume = {40},
	Year = {2011}}

@article{Walden1988,
	Author = {Walden, Tedra A and Ogan, Tamra A},
	Date-Added = {2017-02-01 23:40:18 +0000},
	Date-Modified = {2017-04-13 18:15:01 +0000},
	Journal = {Child Development},
	Month = feb,
	Number = {5},
	Pages = {1230--1240},
	Title = {{The development of social referencing}},
	Volume = {59},
	Year = {1988}}

@article{Dunlosky2012,
	Author = {Dunlosky, John and Rawson, Katherine A},
	Date-Added = {2017-02-01 23:40:18 +0000},
	Date-Modified = {2017-02-01 23:41:06 +0000},
	Journal = {Learning and Instruction},
	Month = aug,
	Number = {4},
	Pages = {271--280},
	Title = {{Overconfidence produces underachievement: Inaccurate self evaluations undermine students{\textquoteright} learning and retention}},
	Volume = {22},
	Year = {2012}}

@article{Robinson1997,
	Author = {Robinson, Michael D and Johnson, Joel T and Herndon, Felix},
	Date-Added = {2017-01-31 17:10:42 +0000},
	Date-Modified = {2017-04-13 18:16:42 +0000},
	Journal = {Journal of Applied Psychology},
	Month = sep,
	Pages = {416--425},
	Title = {{Reaction time and assessments of cognitive effort as predictors of eyewitness memory accuracy and confidence}},
	Volume = {82},
	Year = {1997}}

@article{Ghetti2008,
	Author = {Ghetti, Simona and Lyons, Kristen E and Lazzarin, Federica and Cornoldi, Cesare},
	Date-Added = {2017-01-31 17:10:42 +0000},
	Date-Modified = {2017-01-31 17:11:16 +0000},
	Journal = {Journal of experimental child psychology},
	Month = mar,
	Number = {3},
	Pages = {157--181},
	Title = {{The development of metamemory monitoring during retrieval: The case of memory strength and memory absence}},
	Volume = {99},
	Year = {2008}}

@article{Markman1988,
	Author = {Markman, Ellen M and Wachtel, Gwyn F},
	Date-Added = {2017-01-31 06:50:27 +0000},
	Date-Modified = {2017-01-31 06:50:27 +0000},
	Journal = {Cognitive Psychology},
	Month = sep,
	Pages = {121--157},
	Title = {{Children's use of mutual exclusivity to constrain the meanings of words}},
	Volume = {20},
	Year = {1988}}

@article{Baldwin1991,
	Author = {Baldwin, Dare A},
	Date-Added = {2017-01-31 03:12:57 +0000},
	Date-Modified = {2017-01-31 03:13:05 +0000},
	Journal = {Child Development},
	Number = {5},
	Pages = {875--890},
	Title = {{Infants' contribution to the achievement of joint reference}},
	Volume = {62},
	Year = {1991}}

@article{Carpenter1998,
	Author = {Carpenter, Malinda and Nagel, Katherine and Tomasello, Michael and Butterworth, George and Moore, Chris},
	Date-Added = {2017-01-31 01:30:31 +0000},
	Date-Modified = {2017-04-13 18:14:21 +0000},
	Journal = {Monographs of the Society for Research in Child Development},
	Month = jan,
	Number = {4},
	Pages = {i--iii--v--vi--1--174},
	Title = {{Social cognition, joint attention, and communicative competence from 9 to 15 months of age }},
	Volume = {63},
	Year = {1998}}

@article{Xu2013,
	Author = {Xu, F and Kushnir, T},
	Date-Added = {2017-01-30 00:01:19 +0000},
	Date-Modified = {2017-04-13 18:14:51 +0000},
	Journal = {Current Directions in Psychological Science},
	Month = jan,
	Number = {1},
	Pages = {28--32},
	Title = {{Infants are rational constructivist learners}},
	Volume = {22},
	Year = {2013}}

@incollection{Csibra2006,
	Address = {Oxford: Oxford University Press},
	Author = {Csibra, Gergely and Gergely, Gyorgy},
	Booktitle = {Processes of Change in Brain and Cognitive Development},
	Date-Added = {2017-01-29 23:54:46 +0000},
	Date-Modified = {2017-01-29 23:54:53 +0000},
	Editor = {Munakata, Yuko and Johnson, M H},
	Month = jan,
	Organization = {Oxford University Press},
	Pages = {249--274},
	Title = {{Social learning and social cognition: The case for pedagogy}},
	Year = {2006}}

@article{Destan2014,
	Author = {Destan, Nesrin and Hembacher, Emily and Ghetti, Simona and Roebers, Claudia M},
	Date-Modified = {2017-01-29 23:51:04 +0000},
	Journal = {Journal of experimental child psychology},
	Month = oct,
	Number = {C},
	Pages = {213--228},
	Title = {{Early metacognitive abilities: The interplay of monitoring and control processes in 5- to 7-year-old children}},
	Volume = {126},
	Year = {2014}}

@article{Markman2003,
	Author = {Markman, Ellen M and Wasow, Judith L and Hansen, Mikkel B},
	Date-Modified = {2017-01-29 23:50:23 +0000},
	Journal = {Cognitive Psychology},
	Month = nov,
	Number = {3},
	Pages = {241--275},
	Title = {{Use of the mutual exclusivity assumption by young word learners}},
	Volume = {47},
	Year = {2003}}

@article{Chouinard2007,
	Author = {Chouinard, M M and Harris, P L and Maratsos, M P},
	Date-Modified = {2017-01-29 23:51:13 +0000},
	Journal = {Monographs of the Society for Research in Child Development},
	Pages = {1--129},
	Title = {{Children's questions: A mechanism for cognitive development}},
	Volume = {72},
	Year = {2007}}

@article{Brooks2008,
	Author = {Brooks, Rechele and Meltzoff, Andrew N},
	Date-Modified = {2017-01-29 23:51:24 +0000},
	Journal = {Journal of Child Language},
	Month = jan,
	Number = {01},
	Pages = {1--14},
	Title = {{Infant gaze following and pointing predict accelerated vocabulary growth through two years of age: a longitudinal, growth curve modeling study}},
	Volume = {35},
	Year = {2008}}

@article{Brooks2002,
	Author = {Brooks, Rechele and Meltzoff, Andrew N},
	Date-Modified = {2017-01-29 23:51:29 +0000},
	Journal = {Developmental Psychology},
	Number = {6},
	Pages = {958--966},
	Title = {{The importance of eyes: How infants interpret adult looking behavior.}},
	Volume = {38},
	Year = {2002}}

@article{Baldwin2004,
	Author = {Baldwin, Dare A},
	Date-Modified = {2017-04-13 18:20:10 +0000},
	Month = oct,
	Pages = {1--12},
	Title = {{Early referential understanding: Infants' ability to recognize referential acts for what they are}},
	Year = {2004}}

@article{Metcalfe2013,
	Author = {Metcalfe, Janet and Finn, Bridgid},
	Date-Modified = {2017-01-29 23:50:12 +0000},
	Journal = {Metacognition and Learning},
	Month = feb,
	Number = {1},
	Pages = {19--46},
	Title = {{Metacognition and control of study choice in children}},
	Volume = {8},
	Year = {2013}}

@article{Hembacher2014,
	Author = {Hembacher, Emily and Ghetti, Simona},
	Date-Modified = {2017-04-13 18:19:12 +0000},
	Journal = {Psychological science},
	Month = jul,
	Number = {9},
	Pages = {1-9},
	Title = {{Don't look at my answer: Subjective uncertainty underlies preschoolers' exclusion of their least accurate memories}},
	Volume = {25},
	Year = {2014}}

@article{Call2001,
	Author = {Call, Josep and Carpenter, Malinda},
	Date-Modified = {2017-01-29 23:51:18 +0000},
	Journal = {Animal Cognition},
	Month = mar,
	Number = {4},
	Pages = {207--220},
	Title = {{Do apes and children know what they have seen?}},
	Volume = {3},
	Year = {2001}}

@article{Goupil2016,
	Author = {Goupil, Louise and Romand-Monnier, Margaux and Kouider, Sid},
	Date-Modified = {2017-04-13 18:19:26 +0000},
	Journal = {Proceedings of the National Academy of Sciences},
	Month = mar,
	Number = {13},
	Pages = {3492--3496},
	Title = {{Infants ask for help when they know they don't know}},
	Volume = {113},
	Year = {2016}}

@article{Schulz2007,
	Author = {Schulz, Laura E and Bonawitz, Elizabeth Baraff},
	Date-Modified = {2017-01-29 23:49:43 +0000},
	Journal = {Developmental Psychology},
	Month = jul,
	Number = {4},
	Pages = {1045--1050},
	Title = {{Serious fun: Preschoolers engage in more exploratory play when evidence is confounded.}},
	Volume = {43},
	Year = {2007}}

@article{Morisseau2013,
	Author = {Morisseau, Tiffany and Davies, Catherine and Matthews, Danielle},
	Date-Modified = {2017-01-29 23:50:07 +0000},
	Journal = {Journal of Pragmatics},
	Month = dec,
	Pages = {26--39},
	Title = {{How do 3- and 5-year-olds respond to under- and over-informative utterances?}},
	Volume = {59},
	Year = {2013}}

@article{Paulus2013,
	Author = {Paulus, Markus and Proust, Joelle and Sodian, Beate},
	Date-Modified = {2017-01-29 23:49:55 +0000},
	Journal = {Frontiers in Psychology},
	Month = mar,
	Pages = {1--7},
	Title = {{Examining implicit metacognition in 3.5-year-old children: an eye-tracking and pupillometric study}},
	Year = {2013}}

@article{Flavell1995,
	Author = {Flavell, John H and Green, Frances L and Flavell, Eleanor R and Harris, Paul L and Astington, Janet Wilde},
	Date-Modified = {2017-04-13 18:19:35 +0000},
	Journal = {Monographs of the society for research in child development},
	Pages = {i--iii--v--vi--1--113},
	Title = {{Young children's knowledge about thinking}},
	Year = {1995}}

@article{Markman2009,
	Author = {Markman, Ellen M},
	Date-Modified = {2017-01-29 23:50:18 +0000},
	Journal = {Cognitive science},
	Month = nov,
	Number = {1},
	Pages = {57--77},
	Title = {{Constraints children place on word meanings}},
	Volume = {14},
	Year = {2009}}

@article{Coughlin2015,
	Author = {Coughlin, Christine and Hembacher, Emily and Lyons, Kristen E and Ghetti, Simona},
	Date-Modified = {2017-01-29 23:51:09 +0000},
	Journal = {Developmental Science},
	Month = nov,
	Number = {6},
	Pages = {957--971},
	Title = {{Introspection on uncertainty and judicious help-seeking during the preschool years}},
	Volume = {18},
	Year = {2015}}

@article{Vredenburgh2015,
	Author = {Vredenburgh, Christopher and Kushnir, Tamar},
	Date-Modified = {2017-04-13 18:15:19 +0000},
	Journal = {Cognitive science},
	Month = apr,
	Number = {3},
	Pages = {697--722},
	Title = {{Young children's help-seeking as active information gathering}},
	Volume = {40},
	Year = {2015}}

@article{Vaish2011,
	Author = {Vaish, Amrisha and Demir, {\"O}zlem Ece and Baldwin, Dare A},
	Date-Modified = {2017-04-13 18:15:47 +0000},
	Journal = {Social Development},
	Month = jan,
	Number = {3},
	Pages = {431--449},
	Title = {{Thirteen- and 18-month-old infants recognize when they need referential information}},
	Volume = {20},
	Year = {2011}}

@article{Lockl2006,
	Author = {Lockl, Kathrin and Schneider, Wolfgang},
	Date-Modified = {2017-01-29 23:50:36 +0000},
	Journal = {Metacognition and Learning},
	Month = mar,
	Number = {1},
	Pages = {15--31},
	Title = {{Precursors of metamemory in young children: the role of theory of mind and metacognitive vocabulary}},
	Volume = {1},
	Year = {2006}}

@article{Schneider2008,
	Author = {Schneider, Wolfgang},
	Date-Modified = {2017-04-13 18:16:20 +0000},
	Journal = {Mind, Brain, and Education},
	Number = {3},
	Pages = {1--8},
	Title = {{The development of metacognitive knowledge in children and adolescents: Major trends and implications for education}},
	Volume = {2},
	Year = {2008}}

@incollection{Sodian2012,
	Author = {Sodian, Beate and Thoermer, Claudia and Kristen, Susanne and Perst, Hannah},
	Booktitle = {Foundations of Metacognition},
	Date-Modified = {2017-01-29 23:49:33 +0000},
	Editor = {Beran, Michael J and Brandl, Johannes and Perner, Josef and Proust, Joelle},
	Pages = {119--133},
	Title = {{Metacognition in infants and young children}},
	Year = {2012}}

@article{Lyons2013,
	Author = {Lyons, Kristen E and Ghetti, Simona},
	Date-Modified = {2017-04-13 18:16:53 +0000},
	Journal = {Child Development},
	Month = mar,
	Number = {2},
	Pages = {726--736},
	Title = {{I Don't Want to Pick! Introspection on Uncertainty Supports Early Strategic Behavior}},
	Volume = {84},
	Year = {2013}}

@article{Lipowski2013,
	Author = {Lipowski, Stacy L and Merriman, William E and Dunlosky, John},
	Date-Modified = {2017-01-29 23:50:41 +0000},
	Journal = {Developmental Psychology},
	Number = {8},
	Pages = {1505--1516},
	Title = {{Preschoolers can make highly accurate judgments of learning.}},
	Volume = {49},
	Year = {2013}}

@article{Schulz2012,
	Author = {Schulz, Laura},
	Date-Modified = {2017-01-29 23:49:38 +0000},
	Journal = {Trends in Cognitive Sciences},
	Month = jul,
	Number = {7},
	Pages = {382--389},
	Title = {{The origins of inquiry: inductive inference and exploration in early childhood}},
	Volume = {16},
	Year = {2012}}
